<?xml version="1.0" encoding="UTF-8"?><collection xmlns="http://www.loc.gov/MARC21/slim"><record><leader>00629nam--2200169-i-4500</leader><controlfield tag="001">000003311</controlfield><controlfield tag="002">20161230</controlfield><controlfield tag="005">20161230201025</controlfield><controlfield tag="008">060222s1000------------r-----000-0-eng-d</controlfield><datafield ind1=" " ind2=" " tag="080"><subfield code="a">513.83</subfield></datafield><datafield ind1=" " ind2=" " tag="100"><subfield code="a">Bourbaki, N</subfield></datafield><datafield ind1=" " ind2=" " tag="245"><subfield code="a">TOPOLOGIE GENERALE. Livre III. Chap. V Groupes a un parametre Chap. VI Espaces numeriques et espaces projectifs Chap. VII Les Groupes additifs R Chap.VIII: Nombres complexes</subfield></datafield><datafield ind1=" " ind2=" " tag="260"><subfield code="a">Paris, Hermann Et C-ie, 1947-1953</subfield></datafield><datafield ind1=" " ind2=" " tag="300"><subfield code="a">131 p</subfield></datafield><datafield ind1=" " ind2=" " tag="490"><subfield code="a">ELEMENTS DE MATHEMATIQUE V Premiere partie Les strucutres fondametals de l'analyse</subfield></datafield><datafield ind1=" " ind2=" " tag="852"><subfield code="a">10660</subfield><subfield code="c">513.83</subfield></datafield><datafield ind1=" " ind2=" " tag="CAT"><subfield code="a">Sys</subfield><subfield code="c">20080605</subfield><subfield code="h">112546</subfield></datafield></record></collection>